%
% %CopyrightBegin%
%
% Copyright Ericsson AB 2017. All Rights Reserved.
%
% Licensed under the Apache License, Version 2.0 (the "License");
% you may not use this file except in compliance with the License.
% You may obtain a copy of the License at
%
%     http://www.apache.org/licenses/LICENSE-2.0
%
% Unless required by applicable law or agreed to in writing, software
% distributed under the License is distributed on an "AS IS" BASIS,
% WITHOUT WARRANTIES OR CONDITIONS OF ANY KIND, either express or implied.
% See the License for the specific language governing permissions and
% limitations under the License.
%
% %CopyrightEnd%
%

@BOOK{javaspec,
	author = {James Gosling and Bill Joy and Steele Jr., Guy L.},
	title = {The Java$^{\mathrm{TM}}$ Language Specification},
	publisher = {Addison-Wesley},
	address = {Reading, Mass.},
	year = 1996}

@BOOK{unicode,
	author={The Unicode Consortium},
	title={The {Unicode} Standard, Version 2.0},
	publisher={Addison-Wesley},
	address={Reading, Mass.},
	year=1996}

@BOOK{aho+ullman:foundations,
	author = {Alfred V. Aho and Jeffrey D. Ullman},
	title = {Foundations of Computer Science},
	year = 1992,
	publisher = {Computer Science Press},
	address = {New York}}

@BOOK{erlbook,
	author={Joe Armstrong and Robert Virding and Claes Wikstr\"{o}m and Mike Williams},
	title={Concurrent Programming in {ERLANG}},
        edition={Second},
	publisher={Prentice Hall},
	address={Hemel Hempstead},
	year=1996}

@TECHREPORT{erltc,
	author={Simon Marlow and Philip Wadler},
	title={{Erltc}: A Type Checker for {Erlang}},
	institution={University of Glasgow},
	year=1996}

@inproceedings{subtyping,
	author={Simon Marlow and Philip Wadler},
	title={A Practical Subtyping System for {Erlang}},
	booktitle={1997 {ACM} {SIGPLAN} Intl. Conf. on Functional Programming},
	editor={Mads Tofte},
	publisher={ACM},
	address={New York, N.Y.},
	year=1997}

@book{milner+tofte+harper:definition,
	title = {The Definition of {S}tandard {ML}},
	author = "Robin Milner and Mads Tofte and Robert Harper",
	publisher = {MIT Press},
	address = {Cambridge, Mass.},
	year = 1990}

@book{milner+tofte+harper:revised-definition,
	title = {The Definition of {S}tandard {ML} --- Revised},
	author = {Robin Milner and Mads Tofte and Robert Harper and David MacQueen},
	publisher = {MIT Press},
	address = {Cambridge, Mass.},
	year = 1997}}

@book{milner+tofte:commentary,
	title = {Commentary on {S}tandard {ML}},
	author = "Robin Milner and Mads Tofte",
	publisher = {MIT Press},
	address = {Cambridge, Mass.},
	year = 1991}

@manual{otp-dev-ref,
	title = {Erlang System/OTP 4.5: Development Environment Reference Manual},
	organization = {Ericsson Software Technology AB},
	address = {Box 1214, S-164\,28 Kista, Sweden},
	edition = {Second},
	year = 1997}

@manual{otp-mnesia,
	title = {Erlang System/OTP 4.5: Mnesia Database Management System (Mnesia 1.1)},
	organization = {Ericsson Software Technology AB},
	address = {Box 1214, S-164\,28 Kista, Sweden},
	edition = {Second},
	year = 1997}

@manual{lia-1,
	title = {Information technology --- Language independent arithmetic ---
	Part 1: Integer and floating point arithmetic},
	organization = {ISO/IEC},
	edition = {First},
	year = 1994,
	note = {Reference number ISO/IEC 10967-1:1994(E)}}

@manual{lia-2,
	title = {Information technology --- Language independent arithmetic ---
	Part 2: Elementary numerical functions. WORKING DRAFT},
	organization = {ISO/IEC},
	edition = {First},
	year = 1995,
	note = {Reference number ISO/IEC WD 10967-1:1995(E)}}

@manual{latin-1,
	title = {Information processing --- 8-bit single-byte coded graphic
	character sets},
	organization = {ISO/IEC},
	year = 1987,
	note = {Reference number ISO 8879:1987}}

@manual{ascii,
	title = {Coded character set --- 7-bit American National Standard Code for Information Interchange},
	organization = {American National Standards Institute},
	address = {New York},
	year = 1986,
	note = {ANSI X3.4 -- 1986}}

@manual{iec559,
	organization = {IEEE},
	title = {Dead rats and rotten mice},
	year = 1066}

@manual{utf8,
	title = {Information technology --- Universal Multiple-Octet Coded Character Set
(UCS) --- Part 1: Architecture and Basic Multilingual Plane.
Amendment 2: UCS Transformation Format 8 (UTF-8)},
	organization = {ISO/IEC},
	year = 1996,
	note = {Reference number ISO/IEC 10646-1: 1993/AMD.2: 1996(E)}}

@misc{rfc1642,
 title = {UTF-7: A Mail-Safe Transformation Format of Unicode},
 author = {Goldsmith, D. and Davis, M.},
 year = 1994,
 month = jul,
 howpublished = {Available by anonymous ftp from \texttt{ftp://ds.internic.net/rfc/rfc1642.txt}}}

@manual{olderlang,
        title = "\ErlVsn{4.7.3}\ Reference Manual",
        author = "Barklund, Jonas and Virding, Robert",
        year = 1999,
	organization = {Ericsson Software Technology AB},
	address = {Box 1214, S-164\,28 Kista, Sweden}}

@manual{stderlang,
        title = "Specification of the \StdErlang\ Programming Language",
        author = "Barklund, Jonas and Virding, Robert",
        year = 1999,
	organization = {Ericsson Software Technology AB},
	address = {Box 1214, S-164\,28 Kista, Sweden}}

@book{harbison+steele:c,
	title = {C, a Reference Manual},
	author = "Harbison, Samuel P. and Steele Jr., Guy L.",
	publisher = {Prentice-Hall},
	address = {Englewood Cliffs, N.\,J.},
	year = 1995}

@manual{iso-c,
	title = {Information technology --- Programming languages --- C},
	organization = {ISO/IEC},
	year = 1990,
	note = {Reference number ISO/IEC 9899:1990}}

@manual{scheme-r5rs,
 key = {Revised Revised Revised Revised Revised Report on the Algorithmic Language Scheme},
	editor = {Richard Kelsey and William Clinger and Jonathan Rees},
	title = {Revised$^5$ Report on the Algorithmic Language Scheme},
	year = 1998,
	month = feb}